@unpublished{praktikum,
    author    = "Vojtěch Kumbár",
    title     = "Fyzikální praktikum",
    year      = "2015",
    publisher = "Mendelova Univerzita",
    location  = "Brno",
    isbn = {978-80-7509-335-6}
}

@online{jreichl,
    author = "Jaroslav Reichl",
    title = "Encyklopedie fyziky",
    url = "http://fyzika.jreichl.com/main.article/view/910-seebeckuv-jev"
}
